% This file was created with JabRef 2.6.
% Encoding: Cp1252

@BOOK{Examensarbeit,
  title = {Aufbau einer Apparatur zur Untersuchung von Elektronen beim Durchgang durch Materie und \textbeta - Spektren},
  publisher = {Johannes Gutenberg Universit\"at Mainz},
  year = {1978},
  editor = {Wolfgang Nothdurft},
  author = {Wolfgang Nothdurft},
  timestamp = {2013.04.08}
}

@BOOK{Povh,
  title = {{Teilchen und Kerne - Eine Einf\"uhrung in die physikalischen Konzepte, 7. Auflage}},
  publisher = {Springer},
  year = {2006},
  editor = {Bogdan Povh, Klaus Rith, Christoph Scholz, Frank Zetsche},
  author = {Bogdan Povh, Klaus Rith, Christoph Scholz, Frank Zetsche}
}

@misc{SpecificChargeLit,
  author = {Dr. Larry Bortner},
  title = {{Specific Charge of an Electron}},
  howpublished = "\url{http://www.physics.uc.edu/~bortner/labs/Physics%202%20experiments/Specific%20Charge/Specific%20Charge%20htm.htm}",
  year = {2013}, 
  note = "[Online; accessed 12. November 2013]"
}

@proceedings{ToFMeasurements,
  title = {TIME-OF-FLIGHT MEASUREMENS},
  publisher = {SLAC-PUB-2620},
  year = {Oct. 1980},
  author = {William B. Atwood},
}

@misc{MaxEnergieLit,
  author = {S.Y.F. Chu, L.P. Ekstr\"om and R.B. Firestone},
  title = {{LBNL Nuclear Data Search}},
  howpublished = "\url{http://nucleardata.nuclear.lu.se/toi/index.asp}",
  year = {1999}, 
  note = "[Online; accessed 12. August 2013]"
}

@misc{PhotonSpectrum,
  author = {{nucleonica [wiki]}},
  title = {{Gamma Spectrum Generator}},
  howpublished = "\url{http://www.nucleonica.net/wiki/images/thumb/6/6a/Detector_Response_Components_Spectrum.jpg/750px-Detector_Response_Components_Spectrum.jpg}",
  year = {2013}, 
  note = "[Online; accessed 03. September 2013]"
}

@misc{FabryPerot,
  author = {University of California},
  title = {{UC Davis ChemWiki}},
  howpublished = "\url{http://chemwiki.ucdavis.edu/@api/deki/files/282/Fabry-Perot_Interferometer.jpg}",
  year = {2013}, 
  note = "[Online; accessed 22. October 2013]"
}

@misc{Hysteresis,
  author = {{NDT Resource Center}},
  title = {{The Hysteresis Loop and Magnetic Properties}},
  howpublished = "\url{http://www.ndt-ed.org/EducationResources/CommunityCollege/MagParticle/Graphics/BHCurve.gif}",
  year = {2012}, 
  note = "[Online; accessed 23. October 2013]"
}

@misc{PDGElectron,
  author = {J. Beringer et al. (Particle Data Group)},
  title = {Electron Mass},
  howpublished = "\url{http://pdg.lbl.gov/2012/listings/rpp2012-list-electron.pdf}",
  year = {2012}, 
  note = "[Online; accessed 10. April 2013]"
}
