%% This BibTeX bibliography file was created using BibDesk.
%% http://bibdesk.sourceforge.net/


%% Created for Andreas Haller at 2014-10-12 11:15:47 +0200 


%% Saved with string encoding Unicode (UTF-8) 



@book{newman1999monte,
	Author = {Newman, MEJ and Barkema, GT},
	Date-Added = {2014-10-12 09:14:24 +0000},
	Date-Modified = {2014-10-12 09:15:38 +0000},
	Publisher = {Oxford University Press},
	Title = {Monte Carlo Methods in Statistical Physics},
	Year = {1999}}
